@string{ acmcsurv = "ACM Computing Surveys" }
@string{ acmpress = "ACM Press" }
@string{ acmtois = "ACM Trans. Information Systems" }
@string{ acmtods = "ACM Trans. Database Systems" }
@string{ cacm = "CACM" }
@string{ adcs = "Proc. Aust. Doc. Comp. Symp." }
@string{ cikm = "Proc. CIKM" }
@string{ compsurv = "ACM Comp. Surv." }
@string{ dcc = "Proc. DCC" }
@string{ esa = "Proc. ESA" }
@string{ focs = "Proc. FOCS" }
@string{ ecir = "Proc. ECIR" }
@string{ icde = "Proc. ICDE" }
@string{ ipm = "Inf. Proc. \& Man." }
@string{ sea = "Proc. SEA" }
@string{ sigir = "Proc. SIGIR" }
@string{ soda = "Proc. SODA" }
@string{ spe = "Soft. Prac. \& Exp." }
@string{ spire = "Proc. SPIRE" }
@string{ wsdm = "Proc. WSDM" }
@string{ parco = "Proc. Parallel Comput. Conf." }
@string{ infoscale = "Proc. Conf. Scalable Information Systems" }
@string{ laweb = "Proc. LA-WEB" }
@string{ irj = "Information Retrieval" }
@string{ www = "Proc. WWW" }
@string{ kdd = "Proc. KDD" }
@string{ icdm = "Proc. ICDM" }
@string{ vldb = "Proc. VLDB" }
@string{ pvldb = "PVLDB" }
@string{ acsc= "Proc. ACSC" }
@string{ acl = "Proc. ACL" }
@string{ aclhlt = "Proc. ACL-HLT" }
@string{ emnlp = "Proc. EMNLP" }
@string{ lrec = "Proc. LREC" }
@string{ wmt = "Proc. WMT" }
@string{ interspeech = "Proc. INTERSPEECH"}
@string{ emnlp-conll = "Proc. EMNLP-CoNLL" }
@string{ icassp = "Proc. ICASSP"}
@string{ asru = "Proc. ASRU"}

% Compression algorithms
@article{nv-csurv07,
  title={Compressed full-text indexes},
  author={Navarro, Gonzalo and M{\"a}kinen, Veli},
  journal=compsurv,
  volume={39},
  number={1},
  pages={2},
  year={2007},
  publisher={ACM}
}

@article{n-csurv14,
  title = "Spaces, Trees and Colors: The Algorithmic Landscape of  Document Retrieval on Sequences",
  author = "G. Navarro",
  journal = compsurv,
  year = 2014,
  volume = 46,
  number = "4.52",
}

@article{s-jda07,
  author    = {K. Sadakane},
  title     = {Succinct data structures for flexible text retrieval systems},
  journal   = jda,
  volume    = {5},
  number    = {1},
  pages     = {12--22},
  year      = {2007}
}


@article{s-jalg03,
  author    = {K. Sadakane},
  title     = {New text indexing functionalities of the compressed suffix arrays},
  journal   = jalg,
  volume    = {48},
  number    = {2},
  pages     = {294--313},
  year      = {2003}
}

@inproceedings{gbmp-sea14,
  author    = {S. Gog and
               T. Beller and
               A. Moffat and
               M. Petri},
  title     = {From Theory to Practice: Plug and Play with Succinct Data Structures},
  booktitle = sea,
  pages     = {326--337},
  year      = {2014},
}


@inproceedings{kkp-dcc14,
  author    = {J. K{\"{a}}rkk{\"{a}}inen and
               D. Kempa and
               S. J. Puglisi},
  title     = {Hybrid Compression of Bitvectors for the {FM}-Index},
  booktitle = dcc,
  pages     = {302--311},
  year      = {2014}
}

@inproceedings{sog-cpm10,
  author    = {Thomas Schnattinger and
               Enno Ohlebusch and
               Simon Gog},
  title     = {Bidirectional Search in a String with Wavelet Trees},
  booktitle = cpm,
  pages     = {40--50},
  year      = {2010}
}

% smoothing techniques
@inproceedings{chen1996empirical,
  title={An empirical study of smoothing techniques for language modeling},
  author={Chen, Stanley F and Goodman, Joshua},
  booktitle=acl,
  pages={310--318},
  year={1996}
}

% Ukkonen
@article{ukkonen1995line,
  title={On-line construction of suffix trees},
  author={Ukkonen, Esko},
  journal={Algorithmica},
  volume={14},
  number={3},
  pages={249--260},
  year={1995},
  publisher={Springer}
}

@inproceedings{kennington2012suffix,
  title={Suffix Trees as Language Models.},
  author={Kennington, Casey Redd and Kay, Martin and Friedrich, Annemarie},
  booktitle=lrec,
  pages={446--453},
  year={2012}
}

% T-MPHR Lossy Compression
@inproceedings{guthrie2010storing,
  title={Storing the web in memory: Space efficient language models with constant time retrieval},
  author={Guthrie, David and Hepple, Mark},
  booktitle=emnlp,
  pages={262--272},
  year={2010}
}

% Berkeley-LM
@inproceedings{pauls2011faster,
  title={Faster and smaller n-gram language models},
  author={Pauls, Adam and Klein, Dan},
  booktitle=aclhlt,
  pages={258--267},
  year={2011}
}

% KenLM
@inproceedings{heafield2011kenlm,
  title={KenLM: Faster and smaller language model queries},
  author={Heafield, Kenneth},
  booktitle=wmt,
  pages={187--197},
  year={2011}
}

% SRI
@inproceedings{stolcke2002srilm,
  title={SRILM-an extensible language modeling toolkit.},
  author={Stolcke, Andreas and others},
  booktitle=interspeech,
  year={2002}
}
@inproceedings{stolcke2011srilm,
  title={SRILM at sixteen: Update and outlook},
  author={Stolcke, Andreas and Zheng, Jing and Wang, Wen and Abrash, Victor},
  booktitle=asru,
  pages={5},
  year={2011}
}

%Kneser-Ney
@inproceedings{kneser1995improved,
  title={Improved backing-off for m-gram language modeling},
  author={Kneser, Reinhard and Ney, Hermann},
  booktitle=ICASSP,
  volume={1},
  pages={181--184},
  year={1995}
}

% SequenceMemoizer
@article{wood2011sequence,
  title={The sequence memoizer},
  author={Wood, Frank and Gasthaus, Jan and Archambeau, C{\'e}dric and James, Lancelot and Teh, Yee Whye},
  journal=cacm,
  volume={54},
  number={2},
  pages={91--98},
  year={2011},
  publisher={ACM}
}

% Stupid-backoff
@inproceedings{brants2007large,
  title={Large language models in machine translation},
  author={Brants, Thorsten and Popat, Ashok C and Xu, Peng and Och, Franz J and Dean, Jeffrey},
  booktitle=emnlp-conll,
  year={2007}
}

% Google 1T
@article{brants2006web,
  title={Web 1T 5-gram Version 1},
  author={Brants, Thorsten and Franz, Alex},
  year={2006},
  journal={Linguistic Data Consortium},
  number={LDC2006T13}
}

% Gigaword 5th Ed.
@article{parker2011english,
  title={English gigaword fifth edition, june},
  author={Parker, Robert and Graff, David and Kong, Junbo and Chen, Ke and Maeda, Kazuaki},
  journal={Linguistic Data Consortium},
  number={LDC2011T07},
  year={2011}
}
